@online{pep_et_al,
  title        = {PeP et al. Toolbox Workshop},
  year         = {2022},
  url          = {https://toolbox.pep-dortmund.org/},

  organization = {PeP et al.},
  urldate      = {26-06-2022}
}